@book{邓春兰2021轨道交通牵引供变电技术,
  title={轨道交通牵引供变电技术},
  author={邓春兰},
  publisher={轨道交通牵引供变电技术},
  year={2021},
}
@book{李亚宁2014城市轨道交通供电系统,
  title={城市轨道交通供电系统},
  author={李亚宁},
  publisher={城市轨道交通供电系统},
  year={2014},
}
@book{韩祯祥1993电力系统分析,
  title={电力系统分析},
  author={韩祯祥},
  publisher={电力系统分析},
  year={1993},
}
@book{谭秀炳2002交流电气化铁道牵引供电系统,
  title={交流电气化铁道牵引供电系统},
  author={谭秀炳 and 刘向阳 and others},
  year={2002},
  publisher={Xi nan jiao tong da xue chu ban she}
}

